<?xml version="1.0" encoding="UTF-8"?>
<OAI-PMH xmlns="http://www.openarchives.org/OAI/2.0/" xmlns:xsi="http://www.w3.org/2001/XMLSchema-instance" xsi:schemaLocation="http://www.openarchives.org/OAI/2.0/ http://www.openarchives.org/OAI/2.0/OAI-PMH.xsd">
  <ListRecords>
    <record>
      <header>
        <identifier>aleph-publish:000058000</identifier>
      </header>
      <metadata>
        <record xmlns="http://www.ddb.de/professionell/mabxml/mabxml-1.xsd">
          <leader>00242vM2.01200024------u</leader>
          <controlfield tag="LDR">00242vM2.01200024------u</controlfield>
          <controlfield tag="FMT">MU</controlfield>
          <datafield tag="001" ind1="-" ind2="1">
            <subfield code="a">HT012766082</subfield>
          </datafield>
          <datafield tag="001" ind1="-" ind2="2">
            <subfield code="a">HT000289652</subfield>
          </datafield>
          <datafield tag="002" ind1="a" ind2="1">
            <subfield code="a">20000710</subfield>
          </datafield>
          <datafield tag="002" ind1="a" ind2="2">
            <subfield code="a">19980804</subfield>
          </datafield>
          <datafield tag="003" ind1="-" ind2="1">
            <subfield code="a">20100803</subfield>
          </datafield>
          <datafield tag="003" ind1="-" ind2="2">
            <subfield code="a">20100315</subfield>
          </datafield>
          <datafield tag="010" ind1="-" ind2="1">
            <subfield code="a">HT000289652</subfield>
          </datafield>
          <datafield tag="026" ind1="-" ind2="1">
            <subfield code="a">HBZHT012766082</subfield>
          </datafield>
          <datafield tag="026" ind1="-" ind2="2">
            <subfield code="a">HBZHT000289652</subfield>
          </datafield>
          <controlfield tag="030">a|1uc||||||||</controlfield>
          <datafield tag="036" ind1="a" ind2="2">
            <subfield code="a">AT</subfield>
          </datafield>
          <datafield tag="037" ind1="b" ind2="2">
            <subfield code="a">ger</subfield>
          </datafield>
          <controlfield tag="050">a|||||||||||||</controlfield>
          <datafield tag="070" ind1="-" ind2="1">
            <subfield code="a">61</subfield>
          </datafield>
          <datafield tag="070" ind1="-" ind2="2">
            <subfield code="a">467</subfield>
          </datafield>
          <datafield tag="070" ind1="b" ind2="1">
            <subfield code="a">929</subfield>
          </datafield>
          <datafield tag="070" ind1="b" ind2="2">
            <subfield code="a">468</subfield>
          </datafield>
          <datafield tag="080" ind1="-" ind2="1">
            <subfield code="a">60</subfield>
          </datafield>
          <datafield tag="080" ind1="-" ind2="2">
            <subfield code="a">60</subfield>
          </datafield>
          <datafield tag="089" ind1="-" ind2="1">
            <subfield code="a">Stücke</subfield>
            <subfield code="a">36</subfield>
          </datafield>
          <datafield tag="090" ind1="-" ind2="1">
            <subfield code="a">stueck,36</subfield>
          </datafield>
          <datafield tag="100" ind1="-" ind2="2">
            <subfield code="p">Nestroy, Johann</subfield>
            <subfield code="d">1801-1862</subfield>
            <subfield code="9">(DE-588)118587080</subfield>
          </datafield>
          <datafield tag="104" ind1="b" ind2="2">
            <subfield code="p">Hein, Jürgen</subfield>
            <subfield code="d">1942-</subfield>
            <subfield code="9">(DE-588)116658606</subfield>
            <subfield code="b">[Hrsg.]</subfield>
          </datafield>
          <datafield tag="300" ind1="-" ind2="2">
            <subfield code="a">Sammlung</subfield>
          </datafield>
          <datafield tag="331" ind1="-" ind2="1">
            <subfield code="a">Tannhäuser</subfield>
          </datafield>
          <datafield tag="331" ind1="-" ind2="2">
            <subfield code="a">Sämtliche Werke</subfield>
          </datafield>
          <datafield tag="335" ind1="-" ind2="2">
            <subfield code="a">historisch-kritische Ausgabe</subfield>
          </datafield>
          <datafield tag="359" ind1="-" ind2="2">
            <subfield code="a">Johann Nestroy. Von Jürgen Hein ...</subfield>
          </datafield>
          <datafield tag="410" ind1="-" ind2="2">
            <subfield code="a">Wien [u.a.]</subfield>
          </datafield>
          <datafield tag="412" ind1="-" ind2="2">
            <subfield code="a">Jugend und Volk</subfield>
          </datafield>
          <datafield tag="425" ind1="b" ind2="2">
            <subfield code="a">1977</subfield>
          </datafield>
          <datafield tag="425" ind1="a" ind2="1">
            <subfield code="a">2000</subfield>
          </datafield>
          <datafield tag="433" ind1="-" ind2="1">
            <subfield code="a">XIV, 306 S. : Ill., Noten</subfield>
          </datafield>
          <datafield tag="511" ind1="-" ind2="2">
            <subfield code="a">Teilw. erschienen im Verl. Deuticke, Wien</subfield>
          </datafield>
          <datafield tag="540" ind1="a" ind2="1">
            <subfield code="a">3-216-30335-7</subfield>
          </datafield>
          <datafield tag="700" ind1="l" ind2="1">
            <subfield code="a">200</subfield>
          </datafield>
          <datafield tag="700" ind1="l" ind2="2">
            <subfield code="a">200</subfield>
          </datafield>
          <datafield tag="700" ind1="g" ind2="2">
            <subfield code="a">GL 7105</subfield>
          </datafield>
          <datafield tag="902" ind1="-" ind2="2">
            <subfield code="p">Nestroy, Johann</subfield>
            <subfield code="d">1801-1862</subfield>
            <subfield code="9">(DE-588)118587080</subfield>
          </datafield>
          <datafield tag="902" ind1="-" ind2="2">
            <subfield code="s">Textkritik</subfield>
            <subfield code="9">(DE-588)4059657-6</subfield>
          </datafield>
          <controlfield tag="SYS">000058000</controlfield>
          <datafield tag="PPE" ind1="-" ind2="1">
            <subfield code="p">Nestroy, Johann N.</subfield>
            <subfield code="d">1801-1862</subfield>
            <subfield code="9">(DE-588)118587080</subfield>
          </datafield>
          <datafield tag="PPE" ind1="-" ind2="1">
            <subfield code="p">Nestroy, J. N.</subfield>
            <subfield code="d">1801-1862</subfield>
            <subfield code="9">(DE-588)118587080</subfield>
          </datafield>
          <datafield tag="PPE" ind1="-" ind2="1">
            <subfield code="p">Nestroy, J.</subfield>
            <subfield code="d">1801-1862</subfield>
            <subfield code="9">(DE-588)118587080</subfield>
          </datafield>
          <datafield tag="PPE" ind1="-" ind2="1">
            <subfield code="p">Nestroy, Johann Nepomuk</subfield>
            <subfield code="d">1801-1862</subfield>
            <subfield code="9">(DE-588)118587080</subfield>
          </datafield>
          <datafield tag="PPE" ind1="-" ind2="1">
            <subfield code="p">Nestroy, Johann Nepomuk Eduard Ambrosius</subfield>
            <subfield code="d">1801-1862</subfield>
            <subfield code="9">(DE-588)118587080</subfield>
          </datafield>
          <datafield tag="PPE" ind1="-" ind2="1">
            <subfield code="p">Nestroy, Johann N.</subfield>
            <subfield code="d">1801-1862</subfield>
            <subfield code="9">(DE-588)118587080</subfield>
          </datafield>
          <datafield tag="PPE" ind1="-" ind2="1">
            <subfield code="p">Nestroy, J. N.</subfield>
            <subfield code="d">1801-1862</subfield>
            <subfield code="9">(DE-588)118587080</subfield>
          </datafield>
          <datafield tag="PPE" ind1="-" ind2="1">
            <subfield code="p">Nestroy, J.</subfield>
            <subfield code="d">1801-1862</subfield>
            <subfield code="9">(DE-588)118587080</subfield>
          </datafield>
          <datafield tag="PPE" ind1="-" ind2="1">
            <subfield code="p">Nestroy, Johann Nepomuk</subfield>
            <subfield code="d">1801-1862</subfield>
            <subfield code="9">(DE-588)118587080</subfield>
          </datafield>
          <datafield tag="PPE" ind1="-" ind2="1">
            <subfield code="p">Nestroy, Johann Nepomuk Eduard Ambrosius</subfield>
            <subfield code="d">1801-1862</subfield>
            <subfield code="9">(DE-588)118587080</subfield>
          </datafield>
          <datafield tag="PPE" ind1="-" ind2="1">
            <subfield code="p">Nestroy, Johann N.</subfield>
            <subfield code="d">1801-1862</subfield>
            <subfield code="9">(DE-588)118587080</subfield>
          </datafield>
          <datafield tag="PPE" ind1="-" ind2="1">
            <subfield code="p">Nestroy, J. N.</subfield>
            <subfield code="d">1801-1862</subfield>
            <subfield code="9">(DE-588)118587080</subfield>
          </datafield>
          <datafield tag="PPE" ind1="-" ind2="1">
            <subfield code="p">Nestroy, J.</subfield>
            <subfield code="d">1801-1862</subfield>
            <subfield code="9">(DE-588)118587080</subfield>
          </datafield>
          <datafield tag="PPE" ind1="-" ind2="1">
            <subfield code="p">Nestroy, Johann Nepomuk</subfield>
            <subfield code="d">1801-1862</subfield>
            <subfield code="9">(DE-588)118587080</subfield>
          </datafield>
          <datafield tag="PPE" ind1="-" ind2="1">
            <subfield code="p">Nestroy, Johann Nepomuk Eduard Ambrosius</subfield>
            <subfield code="d">1801-1862</subfield>
            <subfield code="9">(DE-588)118587080</subfield>
          </datafield>
          <datafield tag="PPE" ind1="-" ind2="1">
            <subfield code="p">Nestroy, Johann N.</subfield>
            <subfield code="d">1801-1862</subfield>
            <subfield code="9">(DE-588)118587080</subfield>
          </datafield>
          <datafield tag="PPE" ind1="-" ind2="1">
            <subfield code="p">Nestroy, J. N.</subfield>
            <subfield code="d">1801-1862</subfield>
            <subfield code="9">(DE-588)118587080</subfield>
          </datafield>
          <datafield tag="PPE" ind1="-" ind2="1">
            <subfield code="p">Nestroy, J.</subfield>
            <subfield code="d">1801-1862</subfield>
            <subfield code="9">(DE-588)118587080</subfield>
          </datafield>
          <datafield tag="PPE" ind1="-" ind2="1">
            <subfield code="p">Nestroy, Johann Nepomuk</subfield>
            <subfield code="d">1801-1862</subfield>
            <subfield code="9">(DE-588)118587080</subfield>
          </datafield>
          <datafield tag="PPE" ind1="-" ind2="1">
            <subfield code="p">Nestroy, Johann Nepomuk Eduard Ambrosius</subfield>
            <subfield code="d">1801-1862</subfield>
            <subfield code="9">(DE-588)118587080</subfield>
          </datafield>
          <datafield tag="PPE" ind1="-" ind2="1">
            <subfield code="p">Nestroy, Johann N.</subfield>
            <subfield code="d">1801-1862</subfield>
            <subfield code="9">(DE-588)118587080</subfield>
          </datafield>
          <datafield tag="PPE" ind1="-" ind2="1">
            <subfield code="p">Nestroy, J. N.</subfield>
            <subfield code="d">1801-1862</subfield>
            <subfield code="9">(DE-588)118587080</subfield>
          </datafield>
          <datafield tag="PPE" ind1="-" ind2="1">
            <subfield code="p">Nestroy, J.</subfield>
            <subfield code="d">1801-1862</subfield>
            <subfield code="9">(DE-588)118587080</subfield>
          </datafield>
          <datafield tag="PPE" ind1="-" ind2="1">
            <subfield code="p">Nestroy, Johann Nepomuk</subfield>
            <subfield code="d">1801-1862</subfield>
            <subfield code="9">(DE-588)118587080</subfield>
          </datafield>
          <datafield tag="PPE" ind1="-" ind2="1">
            <subfield code="p">Nestroy, Johann Nepomuk Eduard Ambrosius</subfield>
            <subfield code="d">1801-1862</subfield>
            <subfield code="9">(DE-588)118587080</subfield>
          </datafield>
          <datafield tag="PPE" ind1="-" ind2="1">
            <subfield code="p">Nestroy, Johann N.</subfield>
            <subfield code="d">1801-1862</subfield>
            <subfield code="9">(DE-588)118587080</subfield>
          </datafield>
          <datafield tag="PPE" ind1="-" ind2="1">
            <subfield code="p">Nestroy, J. N.</subfield>
            <subfield code="d">1801-1862</subfield>
            <subfield code="9">(DE-588)118587080</subfield>
          </datafield>
          <datafield tag="PPE" ind1="-" ind2="1">
            <subfield code="p">Nestroy, J.</subfield>
            <subfield code="d">1801-1862</subfield>
            <subfield code="9">(DE-588)118587080</subfield>
          </datafield>
          <datafield tag="PPE" ind1="-" ind2="1">
            <subfield code="p">Nestroy, Johann Nepomuk</subfield>
            <subfield code="d">1801-1862</subfield>
            <subfield code="9">(DE-588)118587080</subfield>
          </datafield>
          <datafield tag="PPE" ind1="-" ind2="1">
            <subfield code="p">Nestroy, Johann Nepomuk Eduard Ambrosius</subfield>
            <subfield code="d">1801-1862</subfield>
            <subfield code="9">(DE-588)118587080</subfield>
          </datafield>
          <datafield tag="PPE" ind1="-" ind2="1">
            <subfield code="p">Nestroy, Johann N.</subfield>
            <subfield code="d">1801-1862</subfield>
            <subfield code="9">(DE-588)118587080</subfield>
          </datafield>
          <datafield tag="PPE" ind1="-" ind2="1">
            <subfield code="p">Nestroy, J. N.</subfield>
            <subfield code="d">1801-1862</subfield>
            <subfield code="9">(DE-588)118587080</subfield>
          </datafield>
          <datafield tag="PPE" ind1="-" ind2="1">
            <subfield code="p">Nestroy, J.</subfield>
            <subfield code="d">1801-1862</subfield>
            <subfield code="9">(DE-588)118587080</subfield>
          </datafield>
          <datafield tag="PPE" ind1="-" ind2="1">
            <subfield code="p">Nestroy, Johann Nepomuk</subfield>
            <subfield code="d">1801-1862</subfield>
            <subfield code="9">(DE-588)118587080</subfield>
          </datafield>
          <datafield tag="PPE" ind1="-" ind2="1">
            <subfield code="p">Nestroy, Johann Nepomuk Eduard Ambrosius</subfield>
            <subfield code="d">1801-1862</subfield>
            <subfield code="9">(DE-588)118587080</subfield>
          </datafield>
          <datafield tag="PPE" ind1="-" ind2="1">
            <subfield code="p">Nestroy, Johann N.</subfield>
            <subfield code="d">1801-1862</subfield>
            <subfield code="9">(DE-588)118587080</subfield>
          </datafield>
          <datafield tag="PPE" ind1="-" ind2="1">
            <subfield code="p">Nestroy, J. N.</subfield>
            <subfield code="d">1801-1862</subfield>
            <subfield code="9">(DE-588)118587080</subfield>
          </datafield>
          <datafield tag="PPE" ind1="-" ind2="1">
            <subfield code="p">Nestroy, J.</subfield>
            <subfield code="d">1801-1862</subfield>
            <subfield code="9">(DE-588)118587080</subfield>
          </datafield>
          <datafield tag="PPE" ind1="-" ind2="1">
            <subfield code="p">Nestroy, Johann Nepomuk</subfield>
            <subfield code="d">1801-1862</subfield>
            <subfield code="9">(DE-588)118587080</subfield>
          </datafield>
          <datafield tag="PPE" ind1="-" ind2="1">
            <subfield code="p">Nestroy, Johann Nepomuk Eduard Ambrosius</subfield>
            <subfield code="d">1801-1862</subfield>
            <subfield code="9">(DE-588)118587080</subfield>
          </datafield>
          <datafield tag="PPE" ind1="-" ind2="1">
            <subfield code="p">Nestroy, Johann N.</subfield>
            <subfield code="d">1801-1862</subfield>
            <subfield code="9">(DE-588)118587080</subfield>
          </datafield>
          <datafield tag="PPE" ind1="-" ind2="1">
            <subfield code="p">Nestroy, J. N.</subfield>
            <subfield code="d">1801-1862</subfield>
            <subfield code="9">(DE-588)118587080</subfield>
          </datafield>
          <datafield tag="PPE" ind1="-" ind2="1">
            <subfield code="p">Nestroy, J.</subfield>
            <subfield code="d">1801-1862</subfield>
            <subfield code="9">(DE-588)118587080</subfield>
          </datafield>
          <datafield tag="PPE" ind1="-" ind2="1">
            <subfield code="p">Nestroy, Johann Nepomuk</subfield>
            <subfield code="d">1801-1862</subfield>
            <subfield code="9">(DE-588)118587080</subfield>
          </datafield>
          <datafield tag="PPE" ind1="-" ind2="1">
            <subfield code="p">Nestroy, Johann Nepomuk Eduard Ambrosius</subfield>
            <subfield code="d">1801-1862</subfield>
            <subfield code="9">(DE-588)118587080</subfield>
          </datafield>
          <datafield tag="PPE" ind1="-" ind2="1">
            <subfield code="p">Nestroy, Johann N.</subfield>
            <subfield code="d">1801-1862</subfield>
            <subfield code="9">(DE-588)118587080</subfield>
          </datafield>
          <datafield tag="PPE" ind1="-" ind2="1">
            <subfield code="p">Nestroy, J. N.</subfield>
            <subfield code="d">1801-1862</subfield>
            <subfield code="9">(DE-588)118587080</subfield>
          </datafield>
          <datafield tag="PPE" ind1="-" ind2="1">
            <subfield code="p">Nestroy, J.</subfield>
            <subfield code="d">1801-1862</subfield>
            <subfield code="9">(DE-588)118587080</subfield>
          </datafield>
          <datafield tag="PPE" ind1="-" ind2="1">
            <subfield code="p">Nestroy, Johann Nepomuk</subfield>
            <subfield code="d">1801-1862</subfield>
            <subfield code="9">(DE-588)118587080</subfield>
          </datafield>
          <datafield tag="PPE" ind1="-" ind2="1">
            <subfield code="p">Nestroy, Johann Nepomuk Eduard Ambrosius</subfield>
            <subfield code="d">1801-1862</subfield>
            <subfield code="9">(DE-588)118587080</subfield>
          </datafield>
          <datafield tag="PPE" ind1="-" ind2="1">
            <subfield code="p">Nestroy, Johann N.</subfield>
            <subfield code="d">1801-1862</subfield>
            <subfield code="9">(DE-588)118587080</subfield>
          </datafield>
          <datafield tag="PPE" ind1="-" ind2="1">
            <subfield code="p">Nestroy, J. N.</subfield>
            <subfield code="d">1801-1862</subfield>
            <subfield code="9">(DE-588)118587080</subfield>
          </datafield>
          <datafield tag="PPE" ind1="-" ind2="1">
            <subfield code="p">Nestroy, J.</subfield>
            <subfield code="d">1801-1862</subfield>
            <subfield code="9">(DE-588)118587080</subfield>
          </datafield>
          <datafield tag="PPE" ind1="-" ind2="1">
            <subfield code="p">Nestroy, Johann Nepomuk</subfield>
            <subfield code="d">1801-1862</subfield>
            <subfield code="9">(DE-588)118587080</subfield>
          </datafield>
          <datafield tag="PPE" ind1="-" ind2="1">
            <subfield code="p">Nestroy, Johann Nepomuk Eduard Ambrosius</subfield>
            <subfield code="d">1801-1862</subfield>
            <subfield code="9">(DE-588)118587080</subfield>
          </datafield>
          <datafield tag="PPE" ind1="-" ind2="2">
            <subfield code="p">Nestroy, Johann N.</subfield>
            <subfield code="d">1801-1862</subfield>
            <subfield code="9">(DE-588)118587080</subfield>
          </datafield>
          <datafield tag="PPE" ind1="-" ind2="2">
            <subfield code="p">Nestroy, J. N.</subfield>
            <subfield code="d">1801-1862</subfield>
            <subfield code="9">(DE-588)118587080</subfield>
          </datafield>
          <datafield tag="PPE" ind1="-" ind2="2">
            <subfield code="p">Nestroy, J.</subfield>
            <subfield code="d">1801-1862</subfield>
            <subfield code="9">(DE-588)118587080</subfield>
          </datafield>
          <datafield tag="PPE" ind1="-" ind2="2">
            <subfield code="p">Nestroy, Johann Nepomuk</subfield>
            <subfield code="d">1801-1862</subfield>
            <subfield code="9">(DE-588)118587080</subfield>
          </datafield>
          <datafield tag="PPE" ind1="-" ind2="2">
            <subfield code="p">Nestroy, Johann Nepomuk Eduard Ambrosius</subfield>
            <subfield code="d">1801-1862</subfield>
            <subfield code="9">(DE-588)118587080</subfield>
          </datafield>
          <datafield tag="PPE" ind1="-" ind2="2">
            <subfield code="p">Nestroy, Johann N.</subfield>
            <subfield code="d">1801-1862</subfield>
            <subfield code="9">(DE-588)118587080</subfield>
          </datafield>
          <datafield tag="PPE" ind1="-" ind2="2">
            <subfield code="p">Nestroy, J. N.</subfield>
            <subfield code="d">1801-1862</subfield>
            <subfield code="9">(DE-588)118587080</subfield>
          </datafield>
          <datafield tag="PPE" ind1="-" ind2="2">
            <subfield code="p">Nestroy, J.</subfield>
            <subfield code="d">1801-1862</subfield>
            <subfield code="9">(DE-588)118587080</subfield>
          </datafield>
          <datafield tag="PPE" ind1="-" ind2="2">
            <subfield code="p">Nestroy, Johann Nepomuk</subfield>
            <subfield code="d">1801-1862</subfield>
            <subfield code="9">(DE-588)118587080</subfield>
          </datafield>
          <datafield tag="PPE" ind1="-" ind2="2">
            <subfield code="p">Nestroy, Johann Nepomuk Eduard Ambrosius</subfield>
            <subfield code="d">1801-1862</subfield>
            <subfield code="9">(DE-588)118587080</subfield>
          </datafield>
          <datafield tag="PSW" ind1="-" ind2="2">
            <subfield code="p">Nestroy, Johann N.</subfield>
            <subfield code="d">1801-1862</subfield>
            <subfield code="9">(DE-588)118587080</subfield>
          </datafield>
          <datafield tag="PSW" ind1="-" ind2="2">
            <subfield code="p">Nestroy, J. N.</subfield>
            <subfield code="d">1801-1862</subfield>
            <subfield code="9">(DE-588)118587080</subfield>
          </datafield>
          <datafield tag="PSW" ind1="-" ind2="2">
            <subfield code="p">Nestroy, J.</subfield>
            <subfield code="d">1801-1862</subfield>
            <subfield code="9">(DE-588)118587080</subfield>
          </datafield>
          <datafield tag="PSW" ind1="-" ind2="2">
            <subfield code="p">Nestroy, Johann Nepomuk</subfield>
            <subfield code="d">1801-1862</subfield>
            <subfield code="9">(DE-588)118587080</subfield>
          </datafield>
          <datafield tag="PSW" ind1="-" ind2="2">
            <subfield code="p">Nestroy, Johann Nepomuk Eduard Ambrosius</subfield>
            <subfield code="d">1801-1862</subfield>
            <subfield code="9">(DE-588)118587080</subfield>
          </datafield>
          <datafield tag="PSW" ind1="-" ind2="2">
            <subfield code="p">Nestroy, Johann N.</subfield>
            <subfield code="d">1801-1862</subfield>
            <subfield code="9">(DE-588)118587080</subfield>
          </datafield>
          <datafield tag="PSW" ind1="-" ind2="2">
            <subfield code="p">Nestroy, J. N.</subfield>
            <subfield code="d">1801-1862</subfield>
            <subfield code="9">(DE-588)118587080</subfield>
          </datafield>
          <datafield tag="PSW" ind1="-" ind2="2">
            <subfield code="p">Nestroy, J.</subfield>
            <subfield code="d">1801-1862</subfield>
            <subfield code="9">(DE-588)118587080</subfield>
          </datafield>
          <datafield tag="PSW" ind1="-" ind2="2">
            <subfield code="p">Nestroy, Johann Nepomuk</subfield>
            <subfield code="d">1801-1862</subfield>
            <subfield code="9">(DE-588)118587080</subfield>
          </datafield>
          <datafield tag="PSW" ind1="-" ind2="2">
            <subfield code="p">Nestroy, Johann Nepomuk Eduard Ambrosius</subfield>
            <subfield code="d">1801-1862</subfield>
            <subfield code="9">(DE-588)118587080</subfield>
          </datafield>
          <datafield tag="PPE" ind1="-" ind2="2">
            <subfield code="p">Nestroy, Johann N.</subfield>
            <subfield code="d">1801-1862</subfield>
            <subfield code="9">(DE-588)118587080</subfield>
          </datafield>
          <datafield tag="PPE" ind1="-" ind2="2">
            <subfield code="p">Nestroy, J. N.</subfield>
            <subfield code="d">1801-1862</subfield>
            <subfield code="9">(DE-588)118587080</subfield>
          </datafield>
          <datafield tag="PPE" ind1="-" ind2="2">
            <subfield code="p">Nestroy, J.</subfield>
            <subfield code="d">1801-1862</subfield>
            <subfield code="9">(DE-588)118587080</subfield>
          </datafield>
          <datafield tag="PPE" ind1="-" ind2="2">
            <subfield code="p">Nestroy, Johann Nepomuk</subfield>
            <subfield code="d">1801-1862</subfield>
            <subfield code="9">(DE-588)118587080</subfield>
          </datafield>
          <datafield tag="PPE" ind1="-" ind2="2">
            <subfield code="p">Nestroy, Johann Nepomuk Eduard Ambrosius</subfield>
            <subfield code="d">1801-1862</subfield>
            <subfield code="9">(DE-588)118587080</subfield>
          </datafield>
          <datafield tag="PPE" ind1="-" ind2="2">
            <subfield code="p">Nestroy, Johann N.</subfield>
            <subfield code="d">1801-1862</subfield>
            <subfield code="9">(DE-588)118587080</subfield>
          </datafield>
          <datafield tag="PPE" ind1="-" ind2="2">
            <subfield code="p">Nestroy, J. N.</subfield>
            <subfield code="d">1801-1862</subfield>
            <subfield code="9">(DE-588)118587080</subfield>
          </datafield>
          <datafield tag="PPE" ind1="-" ind2="2">
            <subfield code="p">Nestroy, J.</subfield>
            <subfield code="d">1801-1862</subfield>
            <subfield code="9">(DE-588)118587080</subfield>
          </datafield>
          <datafield tag="PPE" ind1="-" ind2="2">
            <subfield code="p">Nestroy, Johann Nepomuk</subfield>
            <subfield code="d">1801-1862</subfield>
            <subfield code="9">(DE-588)118587080</subfield>
          </datafield>
          <datafield tag="PPE" ind1="-" ind2="2">
            <subfield code="p">Nestroy, Johann Nepomuk Eduard Ambrosius</subfield>
            <subfield code="d">1801-1862</subfield>
            <subfield code="9">(DE-588)118587080</subfield>
          </datafield>
          <datafield tag="PPE" ind1="-" ind2="2">
            <subfield code="p">Nestroy, Johann N.</subfield>
            <subfield code="d">1801-1862</subfield>
            <subfield code="9">(DE-588)118587080</subfield>
          </datafield>
          <datafield tag="PPE" ind1="-" ind2="2">
            <subfield code="p">Nestroy, J. N.</subfield>
            <subfield code="d">1801-1862</subfield>
            <subfield code="9">(DE-588)118587080</subfield>
          </datafield>
          <datafield tag="PPE" ind1="-" ind2="2">
            <subfield code="p">Nestroy, J.</subfield>
            <subfield code="d">1801-1862</subfield>
            <subfield code="9">(DE-588)118587080</subfield>
          </datafield>
          <datafield tag="PPE" ind1="-" ind2="2">
            <subfield code="p">Nestroy, Johann Nepomuk</subfield>
            <subfield code="d">1801-1862</subfield>
            <subfield code="9">(DE-588)118587080</subfield>
          </datafield>
          <datafield tag="PPE" ind1="-" ind2="2">
            <subfield code="p">Nestroy, Johann Nepomuk Eduard Ambrosius</subfield>
            <subfield code="d">1801-1862</subfield>
            <subfield code="9">(DE-588)118587080</subfield>
          </datafield>
          <datafield tag="PPE" ind1="-" ind2="2">
            <subfield code="p">Nestroy, Johann N.</subfield>
            <subfield code="d">1801-1862</subfield>
            <subfield code="9">(DE-588)118587080</subfield>
          </datafield>
          <datafield tag="PPE" ind1="-" ind2="2">
            <subfield code="p">Nestroy, J. N.</subfield>
            <subfield code="d">1801-1862</subfield>
            <subfield code="9">(DE-588)118587080</subfield>
          </datafield>
          <datafield tag="PPE" ind1="-" ind2="2">
            <subfield code="p">Nestroy, J.</subfield>
            <subfield code="d">1801-1862</subfield>
            <subfield code="9">(DE-588)118587080</subfield>
          </datafield>
          <datafield tag="PPE" ind1="-" ind2="2">
            <subfield code="p">Nestroy, Johann Nepomuk</subfield>
            <subfield code="d">1801-1862</subfield>
            <subfield code="9">(DE-588)118587080</subfield>
          </datafield>
          <datafield tag="PPE" ind1="-" ind2="2">
            <subfield code="p">Nestroy, Johann Nepomuk Eduard Ambrosius</subfield>
            <subfield code="d">1801-1862</subfield>
            <subfield code="9">(DE-588)118587080</subfield>
          </datafield>
          <datafield tag="PPE" ind1="-" ind2="2">
            <subfield code="p">Nestroy, Johann N.</subfield>
            <subfield code="d">1801-1862</subfield>
            <subfield code="9">(DE-588)118587080</subfield>
          </datafield>
          <datafield tag="PPE" ind1="-" ind2="2">
            <subfield code="p">Nestroy, J. N.</subfield>
            <subfield code="d">1801-1862</subfield>
            <subfield code="9">(DE-588)118587080</subfield>
          </datafield>
          <datafield tag="PPE" ind1="-" ind2="2">
            <subfield code="p">Nestroy, J.</subfield>
            <subfield code="d">1801-1862</subfield>
            <subfield code="9">(DE-588)118587080</subfield>
          </datafield>
          <datafield tag="PPE" ind1="-" ind2="2">
            <subfield code="p">Nestroy, Johann Nepomuk</subfield>
            <subfield code="d">1801-1862</subfield>
            <subfield code="9">(DE-588)118587080</subfield>
          </datafield>
          <datafield tag="PPE" ind1="-" ind2="2">
            <subfield code="p">Nestroy, Johann Nepomuk Eduard Ambrosius</subfield>
            <subfield code="d">1801-1862</subfield>
            <subfield code="9">(DE-588)118587080</subfield>
          </datafield>
          <datafield tag="PPE" ind1="-" ind2="2">
            <subfield code="p">Nestroy, Johann N.</subfield>
            <subfield code="d">1801-1862</subfield>
            <subfield code="9">(DE-588)118587080</subfield>
          </datafield>
          <datafield tag="PPE" ind1="-" ind2="2">
            <subfield code="p">Nestroy, J. N.</subfield>
            <subfield code="d">1801-1862</subfield>
            <subfield code="9">(DE-588)118587080</subfield>
          </datafield>
          <datafield tag="PPE" ind1="-" ind2="2">
            <subfield code="p">Nestroy, J.</subfield>
            <subfield code="d">1801-1862</subfield>
            <subfield code="9">(DE-588)118587080</subfield>
          </datafield>
          <datafield tag="PPE" ind1="-" ind2="2">
            <subfield code="p">Nestroy, Johann Nepomuk</subfield>
            <subfield code="d">1801-1862</subfield>
            <subfield code="9">(DE-588)118587080</subfield>
          </datafield>
          <datafield tag="PPE" ind1="-" ind2="2">
            <subfield code="p">Nestroy, Johann Nepomuk Eduard Ambrosius</subfield>
            <subfield code="d">1801-1862</subfield>
            <subfield code="9">(DE-588)118587080</subfield>
          </datafield>
          <datafield tag="PPE" ind1="-" ind2="2">
            <subfield code="p">Nestroy, Johann N.</subfield>
            <subfield code="d">1801-1862</subfield>
            <subfield code="9">(DE-588)118587080</subfield>
          </datafield>
          <datafield tag="PPE" ind1="-" ind2="2">
            <subfield code="p">Nestroy, J. N.</subfield>
            <subfield code="d">1801-1862</subfield>
            <subfield code="9">(DE-588)118587080</subfield>
          </datafield>
          <datafield tag="PPE" ind1="-" ind2="2">
            <subfield code="p">Nestroy, J.</subfield>
            <subfield code="d">1801-1862</subfield>
            <subfield code="9">(DE-588)118587080</subfield>
          </datafield>
          <datafield tag="PPE" ind1="-" ind2="2">
            <subfield code="p">Nestroy, Johann Nepomuk</subfield>
            <subfield code="d">1801-1862</subfield>
            <subfield code="9">(DE-588)118587080</subfield>
          </datafield>
          <datafield tag="PPE" ind1="-" ind2="2">
            <subfield code="p">Nestroy, Johann Nepomuk Eduard Ambrosius</subfield>
            <subfield code="d">1801-1862</subfield>
            <subfield code="9">(DE-588)118587080</subfield>
          </datafield>
          <datafield tag="PPE" ind1="-" ind2="2">
            <subfield code="p">Nestroy, Johann N.</subfield>
            <subfield code="d">1801-1862</subfield>
            <subfield code="9">(DE-588)118587080</subfield>
          </datafield>
          <datafield tag="PPE" ind1="-" ind2="2">
            <subfield code="p">Nestroy, J. N.</subfield>
            <subfield code="d">1801-1862</subfield>
            <subfield code="9">(DE-588)118587080</subfield>
          </datafield>
          <datafield tag="PPE" ind1="-" ind2="2">
            <subfield code="p">Nestroy, J.</subfield>
            <subfield code="d">1801-1862</subfield>
            <subfield code="9">(DE-588)118587080</subfield>
          </datafield>
          <datafield tag="PPE" ind1="-" ind2="2">
            <subfield code="p">Nestroy, Johann Nepomuk</subfield>
            <subfield code="d">1801-1862</subfield>
            <subfield code="9">(DE-588)118587080</subfield>
          </datafield>
          <datafield tag="PPE" ind1="-" ind2="2">
            <subfield code="p">Nestroy, Johann Nepomuk Eduard Ambrosius</subfield>
            <subfield code="d">1801-1862</subfield>
            <subfield code="9">(DE-588)118587080</subfield>
          </datafield>
          <datafield tag="PPE" ind1="-" ind2="2">
            <subfield code="p">Nestroy, Johann N.</subfield>
            <subfield code="d">1801-1862</subfield>
            <subfield code="9">(DE-588)118587080</subfield>
          </datafield>
          <datafield tag="PPE" ind1="-" ind2="2">
            <subfield code="p">Nestroy, J. N.</subfield>
            <subfield code="d">1801-1862</subfield>
            <subfield code="9">(DE-588)118587080</subfield>
          </datafield>
          <datafield tag="PPE" ind1="-" ind2="2">
            <subfield code="p">Nestroy, J.</subfield>
            <subfield code="d">1801-1862</subfield>
            <subfield code="9">(DE-588)118587080</subfield>
          </datafield>
          <datafield tag="PPE" ind1="-" ind2="2">
            <subfield code="p">Nestroy, Johann Nepomuk</subfield>
            <subfield code="d">1801-1862</subfield>
            <subfield code="9">(DE-588)118587080</subfield>
          </datafield>
          <datafield tag="PPE" ind1="-" ind2="2">
            <subfield code="p">Nestroy, Johann Nepomuk Eduard Ambrosius</subfield>
            <subfield code="d">1801-1862</subfield>
            <subfield code="9">(DE-588)118587080</subfield>
          </datafield>
          <datafield tag="PSW" ind1="-" ind2="2">
            <subfield code="p">Nestroy, Johann N.</subfield>
            <subfield code="d">1801-1862</subfield>
            <subfield code="9">(DE-588)118587080</subfield>
          </datafield>
          <datafield tag="PSW" ind1="-" ind2="2">
            <subfield code="p">Nestroy, J. N.</subfield>
            <subfield code="d">1801-1862</subfield>
            <subfield code="9">(DE-588)118587080</subfield>
          </datafield>
          <datafield tag="PSW" ind1="-" ind2="2">
            <subfield code="p">Nestroy, J.</subfield>
            <subfield code="d">1801-1862</subfield>
            <subfield code="9">(DE-588)118587080</subfield>
          </datafield>
          <datafield tag="PSW" ind1="-" ind2="2">
            <subfield code="p">Nestroy, Johann Nepomuk</subfield>
            <subfield code="d">1801-1862</subfield>
            <subfield code="9">(DE-588)118587080</subfield>
          </datafield>
          <datafield tag="PSW" ind1="-" ind2="2">
            <subfield code="p">Nestroy, Johann Nepomuk Eduard Ambrosius</subfield>
            <subfield code="d">1801-1862</subfield>
            <subfield code="9">(DE-588)118587080</subfield>
          </datafield>
          <datafield tag="PSW" ind1="-" ind2="2">
            <subfield code="p">Nestroy, Johann N.</subfield>
            <subfield code="d">1801-1862</subfield>
            <subfield code="9">(DE-588)118587080</subfield>
          </datafield>
          <datafield tag="PSW" ind1="-" ind2="2">
            <subfield code="p">Nestroy, J. N.</subfield>
            <subfield code="d">1801-1862</subfield>
            <subfield code="9">(DE-588)118587080</subfield>
          </datafield>
          <datafield tag="PSW" ind1="-" ind2="2">
            <subfield code="p">Nestroy, J.</subfield>
            <subfield code="d">1801-1862</subfield>
            <subfield code="9">(DE-588)118587080</subfield>
          </datafield>
          <datafield tag="PSW" ind1="-" ind2="2">
            <subfield code="p">Nestroy, Johann Nepomuk</subfield>
            <subfield code="d">1801-1862</subfield>
            <subfield code="9">(DE-588)118587080</subfield>
          </datafield>
          <datafield tag="PSW" ind1="-" ind2="2">
            <subfield code="p">Nestroy, Johann Nepomuk Eduard Ambrosius</subfield>
            <subfield code="d">1801-1862</subfield>
            <subfield code="9">(DE-588)118587080</subfield>
          </datafield>
          <datafield tag="PSW" ind1="-" ind2="2">
            <subfield code="p">Nestroy, Johann N.</subfield>
            <subfield code="d">1801-1862</subfield>
            <subfield code="9">(DE-588)118587080</subfield>
          </datafield>
          <datafield tag="PSW" ind1="-" ind2="2">
            <subfield code="p">Nestroy, J. N.</subfield>
            <subfield code="d">1801-1862</subfield>
            <subfield code="9">(DE-588)118587080</subfield>
          </datafield>
          <datafield tag="PSW" ind1="-" ind2="2">
            <subfield code="p">Nestroy, J.</subfield>
            <subfield code="d">1801-1862</subfield>
            <subfield code="9">(DE-588)118587080</subfield>
          </datafield>
          <datafield tag="PSW" ind1="-" ind2="2">
            <subfield code="p">Nestroy, Johann Nepomuk</subfield>
            <subfield code="d">1801-1862</subfield>
            <subfield code="9">(DE-588)118587080</subfield>
          </datafield>
          <datafield tag="PSW" ind1="-" ind2="2">
            <subfield code="p">Nestroy, Johann Nepomuk Eduard Ambrosius</subfield>
            <subfield code="d">1801-1862</subfield>
            <subfield code="9">(DE-588)118587080</subfield>
          </datafield>
          <datafield tag="PSW" ind1="-" ind2="2">
            <subfield code="p">Nestroy, Johann N.</subfield>
            <subfield code="d">1801-1862</subfield>
            <subfield code="9">(DE-588)118587080</subfield>
          </datafield>
          <datafield tag="PSW" ind1="-" ind2="2">
            <subfield code="p">Nestroy, J. N.</subfield>
            <subfield code="d">1801-1862</subfield>
            <subfield code="9">(DE-588)118587080</subfield>
          </datafield>
          <datafield tag="PSW" ind1="-" ind2="2">
            <subfield code="p">Nestroy, J.</subfield>
            <subfield code="d">1801-1862</subfield>
            <subfield code="9">(DE-588)118587080</subfield>
          </datafield>
          <datafield tag="PSW" ind1="-" ind2="2">
            <subfield code="p">Nestroy, Johann Nepomuk</subfield>
            <subfield code="d">1801-1862</subfield>
            <subfield code="9">(DE-588)118587080</subfield>
          </datafield>
          <datafield tag="PSW" ind1="-" ind2="2">
            <subfield code="p">Nestroy, Johann Nepomuk Eduard Ambrosius</subfield>
            <subfield code="d">1801-1862</subfield>
            <subfield code="9">(DE-588)118587080</subfield>
          </datafield>
          <datafield tag="PSW" ind1="-" ind2="2">
            <subfield code="p">Nestroy, Johann N.</subfield>
            <subfield code="d">1801-1862</subfield>
            <subfield code="9">(DE-588)118587080</subfield>
          </datafield>
          <datafield tag="PSW" ind1="-" ind2="2">
            <subfield code="p">Nestroy, J. N.</subfield>
            <subfield code="d">1801-1862</subfield>
            <subfield code="9">(DE-588)118587080</subfield>
          </datafield>
          <datafield tag="PSW" ind1="-" ind2="2">
            <subfield code="p">Nestroy, J.</subfield>
            <subfield code="d">1801-1862</subfield>
            <subfield code="9">(DE-588)118587080</subfield>
          </datafield>
          <datafield tag="PSW" ind1="-" ind2="2">
            <subfield code="p">Nestroy, Johann Nepomuk</subfield>
            <subfield code="d">1801-1862</subfield>
            <subfield code="9">(DE-588)118587080</subfield>
          </datafield>
          <datafield tag="PSW" ind1="-" ind2="2">
            <subfield code="p">Nestroy, Johann Nepomuk Eduard Ambrosius</subfield>
            <subfield code="d">1801-1862</subfield>
            <subfield code="9">(DE-588)118587080</subfield>
          </datafield>
          <datafield tag="PSW" ind1="-" ind2="2">
            <subfield code="p">Nestroy, Johann N.</subfield>
            <subfield code="d">1801-1862</subfield>
            <subfield code="9">(DE-588)118587080</subfield>
          </datafield>
          <datafield tag="PSW" ind1="-" ind2="2">
            <subfield code="p">Nestroy, J. N.</subfield>
            <subfield code="d">1801-1862</subfield>
            <subfield code="9">(DE-588)118587080</subfield>
          </datafield>
          <datafield tag="PSW" ind1="-" ind2="2">
            <subfield code="p">Nestroy, J.</subfield>
            <subfield code="d">1801-1862</subfield>
            <subfield code="9">(DE-588)118587080</subfield>
          </datafield>
          <datafield tag="PSW" ind1="-" ind2="2">
            <subfield code="p">Nestroy, Johann Nepomuk</subfield>
            <subfield code="d">1801-1862</subfield>
            <subfield code="9">(DE-588)118587080</subfield>
          </datafield>
          <datafield tag="PSW" ind1="-" ind2="2">
            <subfield code="p">Nestroy, Johann Nepomuk Eduard Ambrosius</subfield>
            <subfield code="d">1801-1862</subfield>
            <subfield code="9">(DE-588)118587080</subfield>
          </datafield>
          <datafield tag="PSW" ind1="-" ind2="2">
            <subfield code="p">Nestroy, Johann N.</subfield>
            <subfield code="d">1801-1862</subfield>
            <subfield code="9">(DE-588)118587080</subfield>
          </datafield>
          <datafield tag="PSW" ind1="-" ind2="2">
            <subfield code="p">Nestroy, J. N.</subfield>
            <subfield code="d">1801-1862</subfield>
            <subfield code="9">(DE-588)118587080</subfield>
          </datafield>
          <datafield tag="PSW" ind1="-" ind2="2">
            <subfield code="p">Nestroy, J.</subfield>
            <subfield code="d">1801-1862</subfield>
            <subfield code="9">(DE-588)118587080</subfield>
          </datafield>
          <datafield tag="PSW" ind1="-" ind2="2">
            <subfield code="p">Nestroy, Johann Nepomuk</subfield>
            <subfield code="d">1801-1862</subfield>
            <subfield code="9">(DE-588)118587080</subfield>
          </datafield>
          <datafield tag="PSW" ind1="-" ind2="2">
            <subfield code="p">Nestroy, Johann Nepomuk Eduard Ambrosius</subfield>
            <subfield code="d">1801-1862</subfield>
            <subfield code="9">(DE-588)118587080</subfield>
          </datafield>
          <datafield tag="PSW" ind1="-" ind2="2">
            <subfield code="p">Nestroy, Johann N.</subfield>
            <subfield code="d">1801-1862</subfield>
            <subfield code="9">(DE-588)118587080</subfield>
          </datafield>
          <datafield tag="PSW" ind1="-" ind2="2">
            <subfield code="p">Nestroy, J. N.</subfield>
            <subfield code="d">1801-1862</subfield>
            <subfield code="9">(DE-588)118587080</subfield>
          </datafield>
          <datafield tag="PSW" ind1="-" ind2="2">
            <subfield code="p">Nestroy, J.</subfield>
            <subfield code="d">1801-1862</subfield>
            <subfield code="9">(DE-588)118587080</subfield>
          </datafield>
          <datafield tag="PSW" ind1="-" ind2="2">
            <subfield code="p">Nestroy, Johann Nepomuk</subfield>
            <subfield code="d">1801-1862</subfield>
            <subfield code="9">(DE-588)118587080</subfield>
          </datafield>
          <datafield tag="PSW" ind1="-" ind2="2">
            <subfield code="p">Nestroy, Johann Nepomuk Eduard Ambrosius</subfield>
            <subfield code="d">1801-1862</subfield>
            <subfield code="9">(DE-588)118587080</subfield>
          </datafield>
          <datafield tag="PSW" ind1="-" ind2="2">
            <subfield code="p">Nestroy, Johann N.</subfield>
            <subfield code="d">1801-1862</subfield>
            <subfield code="9">(DE-588)118587080</subfield>
          </datafield>
          <datafield tag="PSW" ind1="-" ind2="2">
            <subfield code="p">Nestroy, J. N.</subfield>
            <subfield code="d">1801-1862</subfield>
            <subfield code="9">(DE-588)118587080</subfield>
          </datafield>
          <datafield tag="PSW" ind1="-" ind2="2">
            <subfield code="p">Nestroy, J.</subfield>
            <subfield code="d">1801-1862</subfield>
            <subfield code="9">(DE-588)118587080</subfield>
          </datafield>
          <datafield tag="PSW" ind1="-" ind2="2">
            <subfield code="p">Nestroy, Johann Nepomuk</subfield>
            <subfield code="d">1801-1862</subfield>
            <subfield code="9">(DE-588)118587080</subfield>
          </datafield>
          <datafield tag="PSW" ind1="-" ind2="2">
            <subfield code="p">Nestroy, Johann Nepomuk Eduard Ambrosius</subfield>
            <subfield code="d">1801-1862</subfield>
            <subfield code="9">(DE-588)118587080</subfield>
          </datafield>
          <datafield tag="078" ind1="b" ind2=" ">
            <subfield code="a">n</subfield>
          </datafield>
          <datafield tag="700" ind1=" " ind2=" ">
            <subfield code="a">CPMN</subfield>
          </datafield>
          <datafield tag="OWN" ind1=" " ind2=" ">
            <subfield code="a">P0001</subfield>
            <subfield code="n">466</subfield>
          </datafield>
          <datafield tag="PLK" ind1=" " ind2=" ">
            <subfield code="a">UP</subfield>
            <subfield code="l">PAD01</subfield>
            <subfield code="b">000057960</subfield>
            <subfield code="m">Stücke;^36;^.^Tannhäuser.^2000</subfield>
            <subfield code="n">Sämtliche Werke.^1977</subfield>
          </datafield>
          <datafield tag="LOC" ind1=" " ind2=" ">
            <subfield code="m">BOOK</subfield>
            <subfield code="a">P0001</subfield>
            <subfield code="b">10</subfield>
            <subfield code="d">CPMN1395-36</subfield>
            <subfield code="i">00/7816</subfield>
            <subfield code="n">30</subfield>
            <subfield code="k">20000419</subfield>
            <subfield code="5">767893-10</subfield>
          </datafield>
        </record>
      </metadata>
    </record>
  </ListRecords>
</OAI-PMH>
